<collection xmlns="http://www.loc.gov/MARC21/slim">
<record>
  <leader>01401nam0a22002651i 450 </leader>
  <controlfield tag="001">IT\ICCU\CNCE\072506</controlfield>
  <controlfield tag="005">20101203000000.0</controlfield>
  <datafield tag="012" ind1=" " ind2=" ">
    <subfield code="a">a,i. isis r.ia tisu (3) 1596 (A)</subfield>
    <subfield code="2">fei</subfield>
  </datafield>
  <datafield tag="100" ind1=" " ind2=" ">
    <subfield code="a">20080221d1596        0itac0103    ba</subfield>
  </datafield>
  <datafield tag="101" ind1=" " ind2=" ">
    <subfield code="a">LAT</subfield>
  </datafield>
  <datafield tag="102" ind1=" " ind2=" ">
    <subfield code="a">IT</subfield>
  </datafield>
  <datafield tag="200" ind1="1" ind2=" ">
    <subfield code="a">Conceptus de Iesu Christo crucifixo ex doctrina praesertim reuelata. A Dominico Vannuccio Lucensi editi, atque in gymnasio Pisano publice defendendi. Non iudicaui me aliquid scire, nisi Iesum Christum et hunc crucifixum I. Cor. 2. Annuente perillustri d.Petro Nuccio Pisciensi almi gymnasij Pisani moderat. digniss</subfield>
  </datafield>
  <datafield tag="210" ind1=" " ind2=" ">
    <subfield code="a">Lucae</subfield>
    <subfield code="c">apud Vincentium Busdraghium</subfield>
    <subfield code="d">1596</subfield>
  </datafield>
  <datafield tag="215" ind1=" " ind2=" ">
    <subfield code="a">\8!, 27, \1! p.</subfield>
    <subfield code="c">ill.</subfield>
    <subfield code="d">4ʻ</subfield>
  </datafield>
  <datafield tag="300" ind1=" " ind2=" ">
    <subfield code="a">Precede il tit.: Serenissimo Ferdinando Medice magno Hetruriae duce III fel. dominante</subfield>
  </datafield>
  <datafield tag="620" ind1=" " ind2=" ">
    <subfield code="a">IT</subfield>
    <subfield code="d">Lucca</subfield>
  </datafield>
  <datafield tag="700" ind1=" " ind2="1">
    <subfield code="a">Vannucci,</subfield>
    <subfield code="b">Domenico</subfield>
    <subfield code="3">IT\ICCU\CNCA\028793</subfield>
  </datafield>
  <datafield tag="712" ind1="0" ind2="0">
    <subfield code="a">Busdraghi, Vincenzo</subfield>
    <subfield code="3">IT\ICCU\CNCT\000371</subfield>
    <subfield code="4">650</subfield>
  </datafield>
  <datafield tag="791" ind1="0" ind2="0">
    <subfield code="a">Busdragus, Vincentius</subfield>
    <subfield code="3">IT\ICCU\CNCT\004793</subfield>
    <subfield code="z">Busdraghi, Vincenzo</subfield>
  </datafield>
  <datafield tag="791" ind1="0" ind2="0">
    <subfield code="a">Busdrago, Vincenzo</subfield>
    <subfield code="3">IT\ICCU\CNCT\004794</subfield>
    <subfield code="z">Busdraghi, Vincenzo</subfield>
  </datafield>
  <datafield tag="791" ind1="0" ind2="0">
    <subfield code="a">Busdragho, Vincenzo</subfield>
    <subfield code="3">IT\ICCU\CNCT\004795</subfield>
    <subfield code="z">Busdraghi, Vincenzo</subfield>
  </datafield>
  <datafield tag="791" ind1="0" ind2="0">
    <subfield code="a">Busdracus, Vincentius</subfield>
    <subfield code="3">IT\ICCU\CNCT\004796</subfield>
    <subfield code="z">Busdraghi, Vincenzo</subfield>
  </datafield>
  <datafield tag="791" ind1="0" ind2="0">
    <subfield code="a">Busdrachius, Vincentius</subfield>
    <subfield code="3">IT\ICCU\CNCT\004797</subfield>
    <subfield code="z">Busdraghi, Vincenzo</subfield>
  </datafield>
  <datafield tag="801" ind1=" " ind2="3">
    <subfield code="a">IT</subfield>
    <subfield code="b">ICCU</subfield>
    <subfield code="c">20201115</subfield>
  </datafield>
  <datafield tag="899" ind1=" " ind2=" ">
    <subfield code="a">Biblioteca Angelica. Roma</subfield>
    <subfield code="1">RM0290</subfield>
    <subfield code="2">RML 06</subfield>
  </datafield>
</record>
</collection>
